<?xml version="1.0" encoding="UTF-8"?><collection xmlns="http://www.loc.gov/MARC21/slim"><record><leader>00521nam--2200193-u-4500</leader><controlfield tag="001">000055291</controlfield><controlfield tag="002">20161230</controlfield><controlfield tag="005">20161230201052</controlfield><controlfield tag="008">121210s1000------------r-----000-0-rus-d</controlfield><datafield ind1=" " ind2=" " tag="040"><subfield code="a">IFIN-HH</subfield></datafield><datafield ind1=" " ind2=" " tag="041"><subfield code="a">rus</subfield></datafield><datafield ind1=" " ind2=" " tag="080"><subfield code="a">539.2:669</subfield></datafield><datafield ind1="1" ind2=" " tag="100"><subfield code="a">Gertriken, S.D</subfield></datafield><datafield ind1="1" ind2="0" tag="245"><subfield code="a">Diffuzia v metallah i splavah v tverdoi faze</subfield><subfield code="c">S.d. gertriken, i.ia. dehtiar</subfield></datafield><datafield ind1=" " ind2=" " tag="260"><subfield code="a">Moskva</subfield><subfield code="b">Fiziko-tehniceskoi Literaturi</subfield><subfield code="c">1960</subfield></datafield><datafield ind1=" " ind2=" " tag="300"><subfield code="a">564P</subfield></datafield><datafield ind1="1" ind2=" " tag="700"><subfield code="a">Dehtiar, I.Ia</subfield></datafield><datafield ind1=" " ind2=" " tag="852"><subfield code="a">7276</subfield><subfield code="c">539.217</subfield></datafield><datafield ind1=" " ind2=" " tag="CAT"><subfield code="a">Sys</subfield><subfield code="c">20121210</subfield><subfield code="h">105204</subfield></datafield></record></collection>